<?xml version="1.0" encoding="UTF-8"?><collection xmlns="http://www.loc.gov/MARC21/slim"><record><leader>00492nam--2200181-i-4500</leader><controlfield tag="001">000022868</controlfield><controlfield tag="002">20161230</controlfield><controlfield tag="005">20161230201034</controlfield><controlfield tag="008">060222s1000------------r-----000-0-eng-d</controlfield><datafield ind1=" " ind2=" " tag="040"><subfield code="a">IFIN-HH</subfield></datafield><datafield ind1=" " ind2=" " tag="080"><subfield code="a">537.525.5</subfield></datafield><datafield ind1="1" ind2=" " tag="100"><subfield code="a">Hoyaux, Max F</subfield></datafield><datafield ind1="1" ind2="0" tag="245"><subfield code="a">Arc physics</subfield><subfield code="c">Max f. hoyaux</subfield></datafield><datafield ind1=" " ind2=" " tag="260"><subfield code="a">Berlin</subfield><subfield code="b">Springer-verlag</subfield><subfield code="c">1968</subfield></datafield><datafield ind1=" " ind2=" " tag="300"><subfield code="a">XIII + 305 P</subfield></datafield><datafield ind1=" " ind2=" " tag="490"><subfield code="a">Applied Physics And Engineering. An International Series. Vol. 8</subfield></datafield><datafield ind1=" " ind2=" " tag="852"><subfield code="a">31775</subfield><subfield code="c">53</subfield></datafield><datafield ind1=" " ind2=" " tag="CAT"><subfield code="a">Sys</subfield><subfield code="c">20150220</subfield><subfield code="h">131858</subfield></datafield></record></collection>